
@inproceedings{benallegue09, 
	author={Benallegue, M. and Escande, A. and Miossec, S. and Kheddar, A.}, 
	booktitle={Proceedings of International Conference Robotics and Automation}, 
	title={Fast C1 proximity queries using support mapping of sphere-torus-patches bounding volumes}, 
	year={2009}, 
	pages={483-488}, 
}

@inproceedings{boland10, 
	author={Boland, D. and Constantinides, G. A.}, 
	booktitle={Proceedings of International Symposium Field-Programmable Custom Computing Machines},
	title={Automated Precision Analysis: A Polynomial Algebraic Approach}, 
	year={2010}, 
	pages={157-164}, 
}

@inproceedings{bolic02, 
	author={Miodrag Bolic and Sangjin Hong and Petar M. Djuric}, 
	booktitle={Proceedings of Asilomar Conference Signals, Systems, and Computers}, 
	title={Performance and complexity analysis of adaptive particle filtering for tracking applications}, 
	year={2002}, 
	volume={1}, 
	pages={853-857}, 
}

@article{bolic05, 
	author={Miodrag Bolic and Petar M. Djuric and Sangjin Hong}, 
	journal={IEEE Transactions on Signal Processing}, 
	title={Resampling algorithms and architectures for distributed particle filters}, 
	year={2005}, 
	volume={53}, 
	number={7}, 
	pages={2442-2450}, 
}

@techreport{casarin04,
	title={Bayesian monte carlo filtering for stochastic volatility models},
	author={Casarin, Roberto},
	year={2004},
	institution={Universit{\`e} Paris-Dauphine}
}

@article{chakraborty08, 
	author={Chakraborty, N. and Jufeng Peng and Akella, S. and Mitchell, J. E.}, 
	journal={IEEE Transactions on Robotics}, 
	title={Proximity Queries Between Convex Objects: An Interior Point Approach for Implicit Surfaces}, 
	year={2008}, 
	volume={24}, 
	number={1}, 
	pages={211-220}, 
}

@inproceedings{chau12,
	author={Thomas C. P. Chau and Wayne Luk and Peter Y. K. Cheung and Alison Eele and Jan M. Maciejowski},
	booktitle={Proceedings of International Conference Field Programmable Logic and Applications},
	title={Adaptive Sequential {Monte Carlo} Approach for Real-Time Applications},
	year={2012},
	pages={527-530}
}

@inproceedings{chau13a,
	author={Chau, Thomas C. P. and Niu, Xinyu and Eele, Alison and Luk, Wayne and Cheung, Peter Y. K. and Maciejowski, J. M.},
	title={Heterogeneous Reconfigurable System for Adaptive Particle Filters in Real-Time Applications},
	booktitle={Proceedings of International Symposium Applied Reconfigurable Computing},
	year={2013},
	pages={1-12},
}

@inproceedings{chau13bheart,
  author    = {Chau, Thomas C. P. and Targett, James S. and Wijeyasinghe, Marlon and Luk, Wayne and Cheung, Peter Y. K. and Cope, Benjamin and Eele, Alison and Maciejowski, J. M.},
  title     = {Accelerating Sequential {Monte Carlo} Method for Real-time Air Traffic Management},
  booktitle = {Proc. Int. Symp. Highly Efficient Accelerators and Reconfigurable Technologies},
  year      = {2013}
}

@article{chau13b,
  author    = {Chau, Thomas C. P. and Targett, James S. and Wijeyasinghe, Marlon and Luk, Wayne and Cheung, Peter Y. K. and Cope, Benjamin and Eele, Alison and Maciejowski, J. M.},
  title     = {Accelerating Sequential {Monte Carlo} Method for Real-time Air Traffic Management},
  journal   = {SIGARCH Computer Architecture News},
  volume    = {41},
  number    = {5},
  year      = {2013},
}

@inproceedings{chow11,
	author={Gary Chun Tak Chow and K. W. Kwok and Wayne Luk and Philip Heng Wai Leong},
	title={Mixed Precision Processing in Reconfigurable Systems},
	booktitle={Proceedings of International Symposium Field-Programmable Custom Computing Machines},
	year={2011},
	pages={17-24},
}

@article{constantinescu05, 
	author={Constantinescu, D. and Salcudean, S. E. and Croft, E. A.}, 
	journal={IEEE Transactions on Robotics}, 
	title={Haptic rendering of rigid contacts using impulsive and penalty forces}, 
	year={2005}, 
	volume={21}, 
	number={3}, 
	pages={309-323}, 
}

@article{creal12,
	title={A survey of sequential {Monte Carlo} methods for economics and finance},
	author={Creal, Drew},
	journal={Econometric Reviews},
	volume={31},
	number={3},
	pages={245-296},
	year={2012},
	publisher={Taylor {\&} Francis}
}

@book{doucet01,
	author={Arnaud Doucet and Nando de Freitas and Neil Gordon},
	title={Sequential {Monte Carlo} methods in practice},
	year={2001},
	publisher={Springer}
}

@inproceedings{eele11,
	author={Eele, A. and Maciejowski, J. M.},
	title={Comparison of Stochastic Optimisation Methods for Control in Air Traffic Management},
	booktitle={Proceedings of {IFAC} World Congress},
	year={2011},
}

@inproceedings{eele13,
	author={Eele, A. and Maciejowski, J. M. and Chau, Thomas C. P. and Luk, Wayne},
	title={Parallelisation of Sequential {Monte Carlo} for Real-Time Control in Air Traffic Management},
	booktitle={Proceedings of International Conference Decision and Control},
	year={2013},
}

@inproceedings{fang03,
	author={Fang, Claire F. and Rutenbar, Rob A. and Chen, Tsuhan},
	title={Fast, Accurate Static Analysis for Fixed-Point Finite-Precision Effects in DSP Designs},
	booktitle={Proceedings of International Conference Computer-aided Design},
	year={2003},
	pages={275-282},
}

@article{fox03,
	author={Dieter Fox},
	title={Adapting the sample size in particle filters through {KLD}-sampling},
	journal={International Transactions on Robotics},
	pages={985-1003},
	volume={22},
	number={12},
	year={2003},
}

@article{fousse07,
	author={Laurent Fousse and Guillaume Hanrot and Vincent Lef\`ere and Patrick P\'eissier and Paul Zimmermann},
	title={{MPFR}: A multiple-precision binary floating-point library with correct rounding},
	journal={ACM Transactions on Mathematical Software},
	year={2007},
	volume={33},
	number={2},
	pages={13:1-13:15},
}

@article{gilbert88, 
	author={Gilbert, E.G. and Johnson, D. W. and Keerthi, S. S.}, 
	journal={IEEE Journal of Robotics and Automation}, 
	title={A fast procedure for computing the distance between complex objects in three-dimensional space}, 
	year={1988}, 
	volume={4}, 
	number={2}, 
	pages={193-203}, 
}

@article{gilbert90, 
	author={Gilbert, E. G. and Foo, C. -P.}, 
	journal={IEEE Transactions on Robotics and Automation}, 
	title={Computing the distance between general convex objects in three-dimensional space}, 
	year={1990}, 
	volume={6}, 
	number={1}, 
	pages={53-61}, 
}

@article{gordon93, 
	author={Gordon, N. J. and Salmond, D. J. and Smith, A. F M}, 
	journal={Proceedings of Radar and Signal Processing}, 
	title={Novel approach to nonlinear/non-{Gaussian Bayesian} state estimation}, 
	year={1993}, 
	volume={140}, 
	number={2}, 
	pages={107-113}, 
}

@article{happe11,
	author = {Markus Happe and Enno L\"{u}bbers and Marco Platzner},
	title = {A self-adaptive heterogeneous multi-core architecture for embedded real-time video object tracking},
	year={2011},
	journal = {Journal of Real-Time Image Processing},
	pages = {1-16}
}

@article{happe13,
	author={Happe, Markus and L\"{u}bers, Enno and Platzner, Marco},
	title={A self-adaptive heterogeneous multi-core architecture for embedded real-time video object tracking},
	journal={Journal of Real-Time Image Processing},
	volume={8},
	number={1},
	pages={95-110},
	year={2013},
}

@inproceedings{hendeby07,
	author={G. Hendeby and J. Hol and R. Karlsson and F. Gustafsson},
	year={2007},
	title={A Graphics Processing Unit Implementation of the Particle Filter},
	booktitle={Proceedings of European Signal Processing Conference},
	pages={1639-1643}
}

@article{jakopec03, 
	author={Jakopec, M. and Rodriguez y Baena, F. and Harris, S.J. and Gomes, P. and Cobb, J. and Davies, Brian L.}, 
	journal={IEEE Transactions on Robotics and Automation}, 
	title={The hands-on orthopaedic robot "acrobot": Early clinical trials of total knee replacement surgery}, 
	year={2003}, 
	volume={19}, 
	number={5}, 
	pages={902-911}, 
}

@incollection{kantas09,
	author={Kantas, N. and Maciejowski, J. M. and Lecchini-Visintini, A.},
	year={2009},
	booktitle={Nonlinear Model Predictive Control},
	series={Lecture Notes in Control and Information Sciences},
	title={Sequential {Monte Carlo} for Model Predictive Control},
	pages={263-273}
}

@article{kitagawa96,
	author={Kitagawa, Genshiro},
	title={{Monte Carlo} Filter and Smoother for Non-Gaussian Nonlinear State Space Models},
	journal={Journal of Computational and Graphical Statistics},
	volume={5},
	number={1},
	pages={1-25},
	year={1996},
}

@inproceedings{koller98,
	author={Daphne Koller and Raya Fratkina},
	title={Using learning for approximation in stochastic processes},
	booktitle={Proceedings of International Conference Machine Learning},
	year={1998},
	pages={287-295},
}

@inproceedings{kurek13b,
	author={Kurek, Maciej and Becker, Tobias and Chau, Thomas C. P. and Luk, Wayne},
	title={Automating Optimization of Reconfigurable Designs},
	booktitle={Proceedings of International Symposium Field-Programmable Custom Computing Machines},
	year={2014},
}

@inproceedings{kwok10,
	author={Kwok, Ka-Wai and Vitiello, Valentina and Yang, Guang-Zhong},
	title={Control of articulated snake robot under dynamic active constraints},
	booktitle={Proceedings of International Conference Medical image computing and computer-assisted intervention},
	year={2010},
	pages={229-236},
}

@article{kwok13,
	author={Ka-Wai Kwok and Kuen Hung Tsoi and Valentina Vitiello and James Clark and Gary C. T. Chow and Wayne Luk and Guang-Zhong Yang},
	title={Dimensionality Reduction in Controlling Articulated Snake Robot for Endoscopy Under Dynamic Active Constraints},
	journal={IEEE Transactions on Robotics},
	volume={29},
	number={1},
	year={2013},
	pages={15-31},
}

@inproceedings{lee05,
	booktitle={Proceedings of Design Automation Conference},
	title={{MiniBit: Bit-width optimization via affine arithmetic}},
	author={Lee, Dong-U and Abdul Gaffar, Altaf and Luk, Wayne and Mencer, Oskar},
	pages={837-840},
	year={2005},
}

@article{li07, 
	author={Ming Li and Ishii, M. and Taylor, R. H.}, 
	journal={IEEE Transactions on Robotics}, 
	title={Spatial Motion Constraints Using Virtual Fixtures Generated by Anatomy}, 
	year={2007}, 
	volume={23}, 
	number={1}, 
	pages={4-19}, 
}

@inproceedings{lin91, 
	author={Lin, M. C. and Canny, J. F.}, 
	booktitle={Proceedings of International Conference Robotics and Automation}, 
	title={A fast algorithm for incremental distance calculation}, 
	year={1991}, 
	pages={1008-1014}, 
}

@inproceedings{liu07, 
	author={Zhibin Liu and Zongying Shi and Mingguo Zhao and Wenli Xu}, 
	booktitle={Proceedings of International Conference Intelligent Robots and Systems},
	title={Mobile robots global localization using adaptive dynamic clustered particle filters}, 
	year={2007}, 
	pages={1059-1064}, 
}

@article{miao11,
	author={Miao, Lifeng and Zhang, Jun Jason and Chakrabarti, Chaitali and Papandreou-Suppappola, Antonia},
	title={Algorithm and Parallel Implementation of Particle Filtering and its Use in Waveform-Agile Sensing},
	journal={Journal of Signal Processing Systems},
	volume={65},
	number={2},
	year={2011},
	pages={211-227},
} 

@article{mihaylova07,
	title={Freeway traffic estimation within particle filtering framework},
	journal={Automatica},
	volume={43},
	number={2},
	pages={290-300},
	year={2007},
	author={Lyudmila Mihaylova and Ren. Boel and Andreas Hegyi},
}

@article{mirtich98,
	author={Brian Mirtich and Brian Mirtich},
	title={V-Clip: Fast and Robust Polyhedral Collision Detection},
	journal={ACM Transactions on Graphics},
	year={1998},
	volume={17},
	pages={177--208}
}

@inproceedings{montemerlo02,
	author={Michael Montemerlo and Sebastian Thrun and William Whittaker},
	booktitle={Proceedings of International Conference Robotics and Automation},
	title={Conditional particle filters for simultaneous mobile robot localization and people-tracking},
	year={2002},
	pages={695-701}
}

@inproceedings{osborne07, 
	author={Osborne, W. G. and Coutinho, J. and Cheung, R. C C and Luk, W. and Mencer, O.}, 
	booktitle={Proceedings of International Conference Field-Programmable Technology}, 
	title={Instrumented Multi-Stage Word-Length Optimization}, 
	year={2007}, 
	pages={89-96}, 
}

@article{park10,
	author={Sang-Hyuk Park and Young-Joong Kim and Myo-Taeg Lim},
	title={Novel adaptive particle filter using adjusted variance and its application},
	journal={International Journal of Control, Automation and Systems},
	publisher={The Institute of Control, Robotics and Systems Engineers and The Korean Institute of Electrical Engineers , co-published with Springer-Verlag GmbH},
	pages={801-807},
	volume={8},
	number={4},
	year={2010}
}

@book{preparata85,
	author={Preparate, F. P. and Shamos, M. I.},
	title={Computational Geometry},
	year={1985},
	publisher={Springer}
}

@article{thomas07,
	author={Thomas, David B. and Luk, Wayne},
	title={High Quality Uniform Random Number Generation Using {LUT} Optimised State-transition Matrices},
	journal={Journal of VLSI Signal Processing Systems},
	volume={47},
	number={1},
	year={2007},
	pages={77-92},
} 

@inproceedings{thomas10,
	author={Thomas, David B. and Luk, W.}, 
	booktitle={Proc. Int. Conf. Application-specific Systems Architectures and Processors}, 
	title={An {FPGA}-specific algorithm for direct generation of multi-variate Gaussian random numbers}, 
	year={2010}, 
	pages={208-215}, 
}

@article{vermaak02,
	author={Jaco Vermaak and Christophe Andrieu and Arnaud Doucet and Simon John Godsill},
	journal={IEEE Transactions on Speech and Audio Processing},
	title={Particle methods for Bayesian modeling and enhancement of speech signals},
	year={2002},
	volume={10},
	number={3},
	pages={173-185}
}

@misc{weisstein,
	author={Eric Weisstein},
	title={Point-Line Distance--3-Dimensional},
	howpublished={http://mathworld.wolfram.com/Point-LineDistance3-Dimensional.html}
}

@misc{weng12,
	author={Zhiyuan Weng},
	title={Particle++},
	howpublished={http://www.ece.sunysb.edu/~zyweng/particle.html},
	year={2012},
}

@article{zhang07, 
	author={Xinyu Zhang and Kim, Y. J.}, 
	journal={IEEE Transactions on Visualization and Computer Graphics}, 
	title={Interactive Collision Detection for Deformable Models Using Streaming AABBs}, 
	year={2007}, 
	volume={13}, 
	number={2}, 
	pages={318-329}, 
}

