@inproceedings{chau12,
	author={Thomas C. P. Chau and Wayne Luk and Peter Y. K. Cheung and Alison Eele and Jan M. Maciejowski},
	booktitle={Proceedings of International Conference Field Programmable Logic and Applications},
	title={Adaptive Sequential {Monte Carlo} Approach for Real-Time Applications},
	year={2012},
	pages={527-530}
}

@inproceedings{chau13a,
	author={Chau, Thomas C. P. and Niu, Xinyu and Eele, Alison and Luk, Wayne and Cheung, Peter Y. K. and Maciejowski, J. M.},
	title={Heterogeneous Reconfigurable System for Adaptive Particle Filters in Real-Time Applications},
	booktitle={Proceedings of International Symposium Applied Reconfigurable Computing},
	year={2013},
	pages={1-12},
}

@article{chau13b,
  author    = {Chau, Thomas C. P. and Targett, James S. and Wijeyasinghe, Marlon and Luk, Wayne and Cheung, Peter Y. K. and Cope, Benjamin and Eele, Alison and Maciejowski, J. M.},
  title     = {Accelerating Sequential {Monte Carlo} Method for Real-time Air Traffic Management},
  journal   = {SIGARCH Computer Architecture News},
  volume    = {41},
  number    = {5},
  year      = {2013},
}
@inproceedings{eele13,
	author={Eele, A. and Maciejowski, J. M. and Chau, Thomas C. P. and Luk, Wayne},
	title={Parallelisation of Sequential {Monte Carlo} for Real-Time Control in Air Traffic Management},
	booktitle={Proceedings of International Conference Decision and Control},
	year={2013},
}
@inproceedings{kurek14,
	author={Kurek, Maciej and Becker, Tobias and Chau, Thomas C. P. and Luk, Wayne},
	title={Automating Optimization of Reconfigurable Designs},
	booktitle={Proceedings of International Symposium Field-Programmable Custom Computing Machines},
	year={2014},
}
